@article{wang2019standardizing,
  title     = {On standardizing within-person effects: Potential problems of global standardization},
  author    = {Wang, Lijuan and Zhang, Qian and Maxwell, Scott E and Bergeman, CS},
  journal   = {Multivariate Behavioral Research},
  volume    = {54},
  number    = {3},
  pages     = {382--403},
  year      = {2019},
  publisher = {Taylor \& Francis}
}

@article{mey2023kind,
  title     = {Be Kind to Yourself: the Implications of Momentary Self-Compassion for Affective Dynamics and Well-Being in Daily Life},
  author    = {Mey, Lara Kristin and Wenzel, Mario and Morello, Karolina and Rowland, Zarah and Kubiak, Thomas and T{\"u}scher, Oliver},
  journal   = {Mindfulness},
  volume    = {14},
  number    = {3},
  pages     = {622--636},
  year      = {2023},
  publisher = {Springer}
}

@article{lai2021composite,
  title     = {Composite reliability of multilevel data: Itâ€™s about observed scores and construct meanings.},
  author    = {Lai, Mark HC},
  journal   = {Psychological Methods},
  volume    = {26},
  number    = {1},
  pages     = {90--102},
  year      = {2021},
  publisher = {American Psychological Association}
}
